<?xml version="1.0" encoding="UTF-8"?><collection xmlns="http://www.loc.gov/MARC21/slim"><record><leader>00515nam--2200193-i-4500</leader><controlfield tag="001">000048371</controlfield><controlfield tag="002">20161230</controlfield><controlfield tag="005">20170108212135</controlfield><controlfield tag="008">060222s1000------------r-----000-0-rus-d</controlfield><datafield ind1=" " ind2=" " tag="040"><subfield code="a">IFIN-HH</subfield></datafield><datafield ind1=" " ind2=" " tag="041"><subfield code="a">rus</subfield></datafield><datafield ind1=" " ind2=" " tag="080"><subfield code="a">537.311.33</subfield></datafield><datafield ind1="1" ind2=" " tag="100"><subfield code="a">Abdullaev, G. B</subfield></datafield><datafield ind1="1" ind2="0" tag="245"><subfield code="a">Atomnaia diffuzia v poluprovodnikovyh strukturah</subfield><subfield code="c">G.B. Abdullaev, T.D. Dzhafarov</subfield></datafield><datafield ind1=" " ind2=" " tag="260"><subfield code="a">Moskva</subfield><subfield code="b">Atomizdat</subfield><subfield code="c">1980</subfield></datafield><datafield ind1=" " ind2=" " tag="300"><subfield code="a">280 p</subfield></datafield><datafield ind1="1" ind2=" " tag="700"><subfield code="a">Dzhafarov, T. D</subfield></datafield><datafield ind1=" " ind2=" " tag="852"><subfield code="a">77437</subfield><subfield code="c">537.311.33</subfield></datafield><datafield ind1=" " ind2=" " tag="CAT"><subfield code="a">SYS</subfield><subfield code="c">20170108</subfield><subfield code="h">212135</subfield></datafield></record></collection>